<record><leader>00000cas a22000007a 4500</leader><controlfield tag="001">12330967</controlfield><controlfield tag="008">850731d18751875inuwr ne      0    0eng d</controlfield><datafield ind1=" " ind2=" " tag="010"><subfield code="a">sn 85048023 </subfield></datafield><datafield ind1=" " ind2=" " tag="040"><subfield code="a">NPI</subfield><subfield code="b">eng</subfield><subfield code="c">NPI</subfield><subfield code="d">OCLCQ</subfield></datafield><datafield ind1=" " ind2=" " tag="042"><subfield code="a">msc</subfield></datafield><datafield ind1="0" ind2=" " tag="130"><subfield code="a">Madison Democrat (Madison, Ind.)</subfield></datafield><datafield ind1="1" ind2="0" tag="245"><subfield code="a">Madison Democrat.</subfield></datafield><datafield ind1=" " ind2=" " tag="260"><subfield code="a">Madison, Ind. :</subfield><subfield code="b">T.D. Wright &amp; Sons</subfield></datafield><datafield ind1=" " ind2=" " tag="300"><subfield code="a">1 v. :</subfield><subfield code="b">ill. (chiefly advertisements) ;</subfield><subfield code="c">66 cm.</subfield></datafield><datafield ind1=" " ind2=" " tag="310"><subfield code="a">Weekly</subfield></datafield><datafield ind1="1" ind2=" " tag="362"><subfield code="a">Began on Jan. 9, 1875; continued only a few months</subfield><subfield code="z">Cf. Miller, John W. Indiana newspaper bibliog.</subfield></datafield><datafield ind1=" " ind2=" " tag="500"><subfield code="a">"The 'Madison Democrat' is a friend of the poor man; is a friend of the toiler; is a friend of the artizan; will labor to increase trade, to stimulate commerce; to foster Madison industries and revive prosperity.</subfield></datafield><datafield ind1=" " ind2=" " tag="500"><subfield code="a">It will oppose rings and monopolies, and all who oppress the poor. It will expose demigogues; it will dare speak the truth; it will defend right against might. It will labor in the interest of the whole people."</subfield></datafield><datafield ind1=" " ind2=" " tag="588"><subfield code="a">Description based on: Vol. 1, no. 2 (Jan. 16, 1875).</subfield></datafield><datafield ind1=" " ind2=" " tag="752"><subfield code="a">United States</subfield><subfield code="b">Indiana</subfield><subfield code="c">Jefferson</subfield><subfield code="d">Madison.</subfield></datafield></record>